@ARTICLE{bib1,
  author = {Лутонин, А.С.},
  title = {Алгоритмы управления тяговым электроприводами монорельсового транспорта при пропадании напряжения пита-ющей сети},
  journal = {Научный альманах},
  year = {2017},
  volume = {},
  number = {4-3(3)},
  pages = {100--106},
  language = {russian},
}

