@ARTICLE{scbib1,
  author = { Lutonin, A.S. and Shklyarskiy, A.Y. and Shklyarskiy, Y.E.},
  title = {Control strategy of dual fed openend winding PMSM drive with floating bridge capacitor},
  journal = {International Journal of Mechanical Engineering and Technology (IJMET)},
  year = {2018},
  volume = {10},
  number = {03},
  pages = {1475--1482},
  language = {english},
}

@ARTICLE{scbib2,
  author = { Lutonin, A.S. and Shklyarskiy, Y.E. and Palyanicin P.S.},
  title = {PMSM control system with open-end winding and floating bridge capacitor},
  journal = {International Scientific Electric Power Conference ISEPC-2019},
  year = {2019},
  volume = {},
  number = {},
  pages = {323--329},
  language = {english},
}