@ARTICLE{vakbib1,
  author = {Лутонин, А. С. and Смирнов, А. И.},
  addendum = {(0,28~п.~л.)},
  title = {Шестиключевой инвертер управляющий независимо двумя синхронными электродвигателями с постоянными магнитами},
  journal = {Экономика и менеджмент систем управления },
  year = {2018},
  volume = {28},
  number = {2-1},
  pages = {196--199},
  language = {russian},
}

@ARTICLE{vakbib2,
  author = {Лутонин, А. С. and Смирнов, А. И.},
  addendum = {(0,33~п.~л.~/ 0,28~п.~л.)},
  title = {Применение волнового анализа для измерения реактивной энергии при нарушении качества электроэнергии},
  journal = {Известия Тульского государственного университета. Технические науки },
  year = {2018},
  volume = {},
  number = {4},
  pages = {458--471},
  language = {russian},
}
