@CONFERENCE{confbib1,
  author = {Лутонин, А.С. and Cоболев, А.В. and Савельев, Р.В.},
  title = {Использование наблюдателя Люенбергера для определения уклона пути для транспортного средства},
  booktitle = {Экспериментальные и теоретические исследования в современной науке},
  year = {2017},
  volume = {},
  number = {},
  pages = {80--84},
  language = {russian},
}

@CONFERENCE{confbib2,
  author = {Лутонин, А.С. and Иванченко, Д.И. and Олейников, Ю.В. and Дмитриев, П.А.},
  title = {Повышение энергоэффективности электротранспорта с децентрализованной трансмиссией за счет введения системы компенсации проскальзывания колес},
  booktitle = {Энергетика и энергосбережение теория и практика},
  year = {2017},
  volume = {},
  number = {},
  pages = {413-1--413-6},
  language = {russian},
}

@CONFERENCE{confbib3,
  author = {Lutonin, A.S.},
  title = {Six switch inverter for independent control of two permanent magnet synchronous motors},
  booktitle = {13th Freiberg-St.-Petersburg Colloquium of Young Scientists},
  year = {2018},
  volume = {1},
  number = {},
  pages = {356--362},
  language = {english},
}