@ARTICLE{Casadei, 
author={D. {Casadei} and G. {Grandi} and A. {Lega} and C. {Rossi}}, 
journal={IEEE Transactions on Industry Applications}, 
title={Multilevel Operation and Input Power Balancing for a Dual Two-Level Inverter with Insulated DC Sources}, 
year={2008}, 
volume={44}, 
number={6}, 
pages={1815-1824}, 
keywords={invertors;modulation;switching convertors;input power balancing;dual two-level inverter;insulated DC sources;multilevel inverter topology;three-phase open-end winding machine;insulated DC supplies;two-level three-phase inverter;three-phase six-wire winding;modulation technique;switching converters;Inverters;Insulation;Topology;Batteries;Machine windings;Space technology;Switching converters;Medium voltage;Industry Applications Society;Commutation;Dual two-level inverter;power sharing;space vector modulation;three-level inverter}, 
doi={10.1109/TIA.2008.2006323}, 
ISSN={0093-9994}, 
month={Nov},}

@ARTICLE{Sun, 
author={D. {Sun} and Z. {Zheng} and B. {Lin} and W. {Zhou} and M. {Chen}}, 
journal={IEEE Transactions on Energy Conversion}, 
title={A Hybrid PWM-Based Field Weakening Strategy for a Hybrid-Inverter-Driven Open-Winding PMSM System}, 
year={2017}, 
volume={32}, 
number={3}, 
pages={857-865}, 
keywords={machine control;machine windings;permanent magnet motors;PWM invertors;synchronous motors;voltage-source convertors;hybrid PWM-based field weakening control strategy;hybrid-inverter-driven open-winding PMSM system;hybrid pulse width modulation-based field weakening control strategy;permanent magnet synchronous motor system;voltage source inverters;DC voltage source;main inverter;floating capacitor;compensation inverter;double-vector-based PWM technique;switching frequency reduction;Inverters;Reactive power;Switches;Voltage control;Space vector pulse width modulation;Capacitors;Field weakening control;hybrid-inverter;hybrid PWM;open-winding PMSM}, 
doi={10.1109/TEC.2017.2676020}, 
ISSN={0885-8969}, 
month={Sep.},}

@ARTICLE{leey, 
author={Y. {Lee} and J. {Ha}}, 
journal={IEEE Transactions on Power Electronics}, 
title={Hybrid Modulation of Dual Inverter for Open-End Permanent Magnet Synchronous Motor}, 
year={2015}, 
volume={30}, 
number={6}, 
pages={3286-3299}, 
keywords={alternators;machine control;machine windings;permanent magnet motors;power capacitors;PWM invertors;starting;synchronous motor drives;hybrid modulation;dual inverter;open-end permanent magnet synchronous motor;PMSM system;control method;integrated starter-alternator;machine winding;power source;DC-link voltage;flying capacitor;modulation method;pulse width modulations;driving system;Inverters;Modulation;Capacitors;Vectors;Reactive power;Voltage control;Power generation;Dual inverter;harmonic reduction;integrated starter/alternator (ISA);open-end winding;permanent magnet synchronous motor (PMSM) drive}, 
doi={10.1109/TPEL.2014.2325738}, 
ISSN={0885-8993}, 
month={June},}

@article{Loncarski,
  title={Comparison of output current ripple in single and dual three-phase inverters for electric vehicle motor drives},
  author={Loncarski, Jelena and Leijon, Mats and Srndovic, Milan and Rossi, Claudio and Grandi, Gabriele},
  journal={Energies},
  volume={8},
  number={5},
  pages={3832--3848},
  year={2015},
  publisher={Multidisciplinary Digital Publishing Institute},}
  
@INPROCEEDINGS{Attaianese, 
author={C. {Attaianese} and M. {D'Arpino} and M. {Di Monaco} and G. {Tomasso}}, 
booktitle={2012 IEEE International Electric Vehicle Conference}, 
title={Multi inverter electrical drive for double motor electric vehicles}, 
year={2012}, 
volume={}, 
number={}, 
pages={1-8}, 
keywords={electric vehicles;invertors;load flow control;supercapacitors;traction motor drives;multiinverter electrical drive;double motor electric vehicles;multiinverter power converter;supercapacitor auxiliary storage unit;control algorithm;traction control;power flow;traction control;electric vehicles;supercapacitor;tandem inverter}, 
doi={10.1109/IEVC.2012.6183190}, 
ISSN={}, 
month={March},}

@INPROCEEDINGS{Cordopatri, 
author={A. {Cordopatri} and G. {Cocorullo}}, 
booktitle={2017 International Conference of Electrical and Electronic Technologies for Automotive}, 
title={A hub motors choice strategy for an electric four independent wheel drive vehicle}, 
year={2017}, 
volume={}, 
number={}, 
pages={1-6}, 
keywords={electric vehicles;traction motor drives;vehicle dynamics;homogenous four-wheel drive solutions;four-wheel drive configurations;two-wheel drive configurations;urban mobility;electric car;propulsion systems;mechanical transmission components;hub motor;traction system;high speed-low torque electric motor;electric vehicles;Propulsion;Wheels;Hysteresis motors;Torque;Batteries;Force;Automobiles;Electric vehicles;In-wheel motors;Driveline efficiency;Driveline cost;Driveline weight;Two-wheel drive;Four-wheel drive;Hub motors}, 
doi={10.23919/EETA.2017.7993207}, 
ISSN={}, 
month={June},}

@INPROCEEDINGS{1Luque,
	author={D. {Luque} and E. {Ruppert} and N. {Bianchi} and M. {Castiello}},
	booktitle={2009 44th International Universities Power Engineering Conference (UPEC)},
	title={Analysis of a three-phase in-wheel electric motor},
	year={2009},
	volume={},
	number={},
	pages={1-5},
	keywords={automotive components;finite element analysis;hybrid electric vehicles;permanent magnet motors;synchronous motors;wheels;three-phase in-wheel electric motor;finite element model;three-phase surface-mounted permanent magnet synchronous motor;hybrid vehicle;torque-to-current ratio;torque-to-volume ratio;SPM motor;Electric motors;Magnetic analysis;Finite element methods;Scanning probe microscopy;Synchronous motors;Analytical models;Testing;Wheels;Vehicles;Process design;Surface-mounted permanent magnet (SPM) motor;in-wheel electric motor;finite element (FE) analysis;two-axis machine model;SPM performance},
	doi={},
	ISSN={},
	month={Sep.},}

@ARTICLE{2KingJetTseng,
	author={ {King-Jet Tseng} and G. H. {Chen}},
	journal={IEEE Transactions on Power Electronics},
	title={Computer-aided design and analysis of direct-driven wheel motor drive},
	year={1997},
	volume={12},
	number={3},
	pages={517-527},
	keywords={electric vehicles;brushless DC motors;DC motor drives;electric propulsion;electric machine CAD;permanent magnet motors;stators;electromagnetic fields;finite element analysis;machine theory;transient analysis;computer-aided design;direct-driven wheel motor drive;electric vehicles;permanent magnet square-wave motor;rare earth magnets;wheel tire;interior stator;stator windings;low-speed high-torque motor;finite-element electromagnetic field analysis;motor geometry optimisation;transient performance;CAD techniques;brushless DC motor drive;Design automation;Wheels;Brushless DC motors;DC motors;Permanent magnet motors;Motor drives;Electromagnetic transients;Magnetic analysis;Performance analysis;Electric vehicles},
	doi={10.1109/63.575679},
	ISSN={0885-8993},
	month={May},}

@INPROCEEDINGS{3Lovatt,
	author={H. C. {Lovatt} and D. {Elton} and L. {Cahill} and {Duc Hau Huynh} and A. {Stumpf} and A. {Kulkarni} and A. {Kapoor} and M. {Ektesabi} and H. {Mazumder} and T. {Dittmar} and G. {White}},
	booktitle={IECON 2011 - 37th Annual Conference of the IEEE Industrial Electronics Society},
	title={Design procedure for low cost, low mass, direct drive, in-wheel motor drivetrains for electric and hybrid vehicles},
	year={2011},
	volume={},
	number={},
	pages={4558-4562},
	keywords={hybrid electric vehicles;reluctance motor drives;in-wheel motor drivetrains;hybrid vehicles;electric vehicles;solar car racing;production vehicles;high-unsprung mass;multiple-airgap;axial-flux;switched-reluctance motor;low cost electronics;packaging optimization;low-cost low-mass direct drive motor drivetrain;Vehicles;Wheels;Permanent magnet motors;Reluctance motors;Traction motors;Torque;Induction motors},
	doi={10.1109/IECON.2011.6120061},
	ISSN={1553-572X},
	month={Nov},}

@INPROCEEDINGS{4Jain,
	author={M. {Jain} and S. S. {Williamson}},
	booktitle={2009 IEEE Electrical Power Energy Conference (EPEC)},
	title={Suitability analysis of in-wheel motor direct drives for electric and hybrid electric vehicles},
	year={2009},
	volume={},
	number={},
	pages={1-5},
	keywords={hybrid electric vehicles;motor drives;permanent magnet motors;power electronics;suitability analysis;in-wheel motor direct drives;hybrid electric vehicles;single speed reduction gearbox;mechanical differential;antilock braking system;anti slip regulation;electronic stability program;steering assistance;2-wheel drive vehicles;4-wheel drive vehicles;permanent magnet motor;power electronics;Hybrid electric vehicles;Wheels;Electric motors;Couplings;Propagation losses;Torque control;Control systems;Automatic speech recognition;Stability;Electrostatic precipitators;Direct drive;electric vehicle;permanent magnet motor;power electronics;wheel motor},
	doi={10.1109/EPEC.2009.5420886},
	ISSN={},
	month={Oct},}

@INPROCEEDINGS{5Espanet,
	
	author={C. {Espanet} and F. {Dubas} and H. M. {Ma√Ø} and D. {Chamagne} and R. {Bernard} and P. {Bigot}},
	booktitle={2012 IEEE Energy Conversion Congress and Exposition (ECCE)},
	title={In-wheel motor for a small hybrid electric vehicle: design, realization and experimental characterization},
	year={2012},
	volume={},
	number={},
	pages={892-898},
	keywords={electric motors;hybrid electric vehicles;permanent magnet motors;stators;surface mount technology;torque;experimental characterization;realization characterization;design characterization;surface mounted permanent-magnet in-wheel motor;SM PM in-wheel motor;plug-in hybrid electric vehicle;PHEV;urban use;electric machine;fractional slots number;poles motor;concentrated winding;technical specifications;optimal design;mechanical analysis;power 4.5 kW;Synchronous motors;Torque;Rotors;Vehicles;Wheels;Windings;Mathematical model;In-wheel motor;PM machines;Plug-in hybrid electric vehicles;High torque density},
	doi={10.1109/ECCE.2012.6342724},
	ISSN={2329-3721},
	month={Sep.},}

@INPROCEEDINGS{6Zhitkova,
	author={S. {Zhitkova} and M. {Felden} and D. {Franck} and K. {Hameyer}},
	booktitle={2014 International Conference on Electrical Machines (ICEM)},
	title={Design of an electrical motor with wide speed range for the in-wheel drive in a heavy duty off-road vehicle},
	year={2014},
	volume={},
	number={},
	pages={1076-1082},
	keywords={agricultural machinery;design engineering;hydrostatics;off-road vehicles;permanent magnet motors;synchronous motor drives;torque;transportation;electrical motor design process;wide motor speed range;in-wheel drive;heavy duty off-road vehicle;mobile machinery electrification;agricultural tractors;electric drive integration;hydrostatic-mechanical power split drives;drive train;permanent magnet synchronous motor;high power density;driving cycle;torque;working operation;transportation operation;shiftable transmission gear;Iron;Torque;Electric motors;Permanent magnet motors;Agricultural machinery;Rotors;Copper;electric machines;high speed;wide speed range},
	doi={10.1109/ICELMACH.2014.6960315},
	ISSN={},
	month={Sep.},}

@INPROCEEDINGS{7Tang,
	author={Y. {Tang} and J. J. H. {Paulides} and I. J. M. {Besselink} and F. {Gardner} and E. A. {Lomonova}},
	booktitle={2013 World Electric Vehicle Symposium and Exhibition (EVS27)},
	title={Indirect drive in-wheel system for HEV/EV traction},
	year={2013},
	volume={},
	number={},
	pages={1-9},
	keywords={automobiles;hybrid electric vehicles;permanent magnet motors;synchronous motor drives;traction motor drives;indirect drive in-wheel motor system;HEV-EV traction;in-wheel traction;hybrid-electric-electric vehicle design;unsprung mass;ride comfort;road holding capability reduction;car;light-weight in-wheel drive;rear suspension;volkswagen lupo 3L;VW lupo 3L;balanced distribution;vehicle weight;electrical motor;permanent magnet height reduction;field weakening capability;surface permanent magnet synchronous motor;Torque;Synchronous motors;Traction motors;Permanent magnet motors;Vehicles;Suspensions;Wheels;in-wheel traction;rear suspension;unsprung mass;motor design;field weakening},
	doi={10.1109/EVS.2013.6915011},
	ISSN={},
	month={Nov},}

@INPROCEEDINGS{8Benoudjit,
	author={A. {Benoudjit} and N. {Nait Said}},
	booktitle={POWERCON '98. 1998 International Conference on Power System Technology. Proceedings (Cat. No.98EX151)},
	title={New dual-airgap axial and radial-flux induction motor for on wheel drive electric propulsion systems},
	year={1998},
	volume={1},
	number={},
	pages={615-619 vol.1},
	keywords={electric propulsion;induction motor drives;traction motor drives;equivalent circuits;machine theory;magnetic circuits;magnetic flux;rotors;stators;squirrel cage motors;finite element analysis;wheel drive electric propulsion systems;dual-airgap induction motor;axial-flux configuration;radial-flux configuration;stator;squirrel cage rotors;radial cage;axial cage;design considerations;magnetic equivalent circuits;electric equivalent circuits;FEA;saturation;sizing;Induction motors;Wheels;Air gaps;Prototypes;Propulsion;Couplings;Stators;Rotors;Circuit topology;Magnetic flux},
	doi={10.1109/ICPST.1998.729038},
	ISSN={},
	month={Aug},}

@INPROCEEDINGS{9FeiXu,
	author={ {Fei Xu} and {Liming Shi}},
	booktitle={2011 IEEE International Conference on Industrial Technology},
	title={Characteristics analysis of multiple in-wheel-induction-motors drive system},
	year={2011},
	volume={},
	number={},
	pages={121-126},
	keywords={angular velocity control;induction motor drives;machine control;magnetic levitation;traction motors;induction-motors drive;high speed maglev maintenance vehicle;electromechanical simulation;adaptive flux observer;speed sensor-less vector control;multiple IWIM drive system;wheel radius;motor parameters;traction force difference;multimotors;Traction motors;Wheels;Mathematical model;Inverters;Vehicles;Force;Rotors},
	doi={10.1109/ICIT.2011.5754358},
	ISSN={},
	month={March},}

@INPROCEEDINGS{10Fan,
	author={Y. {Fan} and X. {Han} and Z. {Xue} and H. {Jiang}},
	booktitle={2011 International Conference on Electrical Machines and Systems},
	title={Design, analysis and control of a permanent magnet in-wheel motor based on magnetic-gear for electric vehicles},
	year={2011},
	volume={},
	number={},
	pages={1-6},
	keywords={electric vehicles;finite element analysis;gears;machine control;permanent magnet motors;torque;permanent magnet in-wheel motor control;magnetic gear;electric vehicle;PM machine design;gear inner rotor;low speed high torque output;high speed compact designing requirement;high power density;FEM;power 750 W;Stator windings;Torque;Windings;Magnetic fields;Permanent magnet motors;Rotors},
	doi={10.1109/ICEMS.2011.6073543},
	ISSN={},
	month={Aug},}

@ARTICLE{11YeePienYang,
	author={ {Yee-Pien Yang} and {Yih-Ping Luh} and {Cheng-Huei Cheung}},
	journal={IEEE Transactions on Magnetics},
	title={Design and control of axial-flux brushless DC wheel motors for electric Vehicles-part I: multiobjective optimal design and analysis},
	year={2004},
	volume={40},
	number={4},
	pages={1873-1882},
	keywords={electric vehicles;brushless DC motors;DC motor drives;permanent magnet motors;optimisation;finite element analysis;waveform analysis;magnetic cores;magnetic fields;brushless DC wheel motors;electric vehicles;multiobjective optimal design;permanent-magnet motor;torque-to-weight ratio;motor efficiency;direct-driven wheel applications;disk-type wheel motor;wheel hub;transmission gears;mechanical differentials;increased overall efficiency;magnetic circuits;optimization scheme;current density;flux saturation;driving voltage;finite-element analyses;electromagnetic characteristics;thermal characteristics;modal characteristics;back-electromotive force;current driving waveforms;axial-flux wheel motor;magnetic analysis;Optimal control;Wheels;DC motors;Brushless DC motors;Brushless motors;Electric vehicles;Permanent magnet motors;Gears;Magnetic circuits;Constraint optimization},
	doi={10.1109/TMAG.2004.828164},
	ISSN={0018-9464},
	month={July},}

@INPROCEEDINGS{12Miyamasu,
	author={M. {Miyamasu} and K. {Akatsu}},
	booktitle={IECON 2011 - 37th Annual Conference of the IEEE Industrial Electronics Society},
	title={Efficiency comparison between Brushless dc motor and Brushless AC motor considering driving method and machine design},
	year={2011},
	volume={},
	number={},
	pages={1830-1835},
	keywords={brushless DC motors;DC motor drives;finite element analysis;permanent magnet motors;synchronous motor drives;vibrations;brushless DC motor drive;brushless AC motor drive;machine design;driving method;BLDC motor drive;permanent magnet synchronous motors;low-order harmonics;current waveform;mechanical vibration;electrical losses;sinusoidal back-EMF waveform machines;BLAC drive;PWM carrier frequency loss;coupling analysis;finite element analysis;circuit simulator;surface type PMSM motor;trapezoidal back-EMF waveform;switching loss;Torque;Harmonic analysis;Magnetic flux;Magnetic hysteresis;Iron;Inverters;Pulse width modulation},
	doi={10.1109/IECON.2011.6119584},
	ISSN={1553-572X},
	month={Nov},}

@INPROCEEDINGS{13Luk,
	author={P. C. K. {Luk} and P. {Jinupun}},
	booktitle={2006 CES/IEEE 5th International Power Electronics and Motion Control Conference},
	title={An In-Wheel Switched Reluctance Motor for Electric Vehicles},
	year={2006},
	volume={3},
	number={},
	pages={1-5},
	keywords={electric vehicles;reluctance motor drives;in-wheel switched reluctance motor;electric vehicles;double concentric stator structure;yokeless rotor;Reluctance motors;Electric vehicles;Stators;Rotors;Switching circuits;Magnetic switching;Magnetic circuits;Wheels;Shape;Torque;switched reluctance motors;in-wheel motor;electric vehicle},
	doi={10.1109/IPEMC.2006.4778329},
	ISSN={},
	month={Aug},}

@INPROCEEDINGS{14Yildirim,
	author={M. {Yildirim} and M. {Polat} and H. {K√ºr√ºm}},
	booktitle={2014 16th International Power Electronics and Motion Control Conference and Exposition},
	title={A survey on comparison of electric motor types and drives used for electric vehicles},
	year={2014},
	volume={},
	number={},
	pages={218-223},
	keywords={brushless DC motors;cooling;electric vehicles;fault tolerance;induction motor drives;permanent magnet motors;reliability;reluctance motor drives;electric motor drive reliability;electric vehicle acceleration time;switched reluctance motor cost;SRM efficiency;induction motor weight;IM cooling;brushless DC motor;permanent magnet motor;PM motor;fault tolerance;power rating;BLDC;Reluctance motors;Brushless DC motors;Torque;Induction motors;Acceleration;Electrical vehicle motors and their drives;comparison},
	doi={10.1109/EPEPEMC.2014.6980715},
	ISSN={},
	month={Sep.},}

@INPROCEEDINGS{15Nanda,
	author={G. {Nanda} and N. C. {Kar}},
	booktitle={2006 Canadian Conference on Electrical and Computer Engineering},
	title={A Survey and Comparison of Characteristics of Motor Drives Used in Electric Vehicles},
	year={2006},
	volume={},
	number={},
	pages={811-814},
	keywords={air pollution control;electric vehicles;motor drives;motor drives;electric vehicles;Canada;fuel demand;transportation sector;pollutant emission reduction;Motor drives;Electric vehicles;Hybrid electric vehicles;Vehicle driving;Electric motors;Propulsion;Reluctance motors;Batteries;Fuel cells;Atmosphere;Electric Vehicles;Motor Drives;Characteristics of Motor Drives},
	doi={10.1109/CCECE.2006.277736},
	ISSN={0840-7789},
	month={May},}